<?xml version="1.0" encoding="UTF-8"?><collection xmlns="http://www.loc.gov/MARC21/slim"><record><leader>00464nam--2200169-i-4500</leader><controlfield tag="001">000022677</controlfield><controlfield tag="002">20161230</controlfield><controlfield tag="005">20161230201034</controlfield><controlfield tag="008">060222s1000------------r-----000-0-eng-d</controlfield><datafield ind1=" " ind2=" " tag="040"><subfield code="a">IFIN-HH</subfield></datafield><datafield ind1="1" ind2=" " tag="100"><subfield code="a">Synge, John L</subfield></datafield><datafield ind1="1" ind2="0" tag="245"><subfield code="a">Principles of mechanics</subfield><subfield code="c">John L. Synge, Byron A. Griffith</subfield></datafield><datafield ind1=" " ind2=" " tag="260"><subfield code="a">New York, Mcgraw-hill Book Co., Inc., 1959</subfield></datafield><datafield ind1=" " ind2=" " tag="300"><subfield code="a">XVII + 552 P</subfield></datafield><datafield ind1="1" ind2=" " tag="700"><subfield code="a">Griffith, Byron A</subfield></datafield><datafield ind1=" " ind2=" " tag="852"><subfield code="a">27440</subfield><subfield code="c">531</subfield></datafield><datafield ind1=" " ind2=" " tag="CAT"><subfield code="a">Sys</subfield><subfield code="c">20100623</subfield><subfield code="h">115955</subfield></datafield></record></collection>